<?xml version="1.0" encoding="UTF-8"?><collection xmlns="http://www.loc.gov/MARC21/slim"><record><leader>00383nam--2200133-i-4500</leader><controlfield tag="001">000009128</controlfield><controlfield tag="002">20161230</controlfield><controlfield tag="005">20161230201028</controlfield><controlfield tag="008">060222s1000------------r-----000-0-eng-d</controlfield><datafield ind1=" " ind2=" " tag="080"><subfield code="a">..</subfield></datafield><datafield ind1=" " ind2=" " tag="100"><subfield code="a">Bischoff,Kenneth B.And Himmelblau,David M</subfield></datafield><datafield ind1=" " ind2=" " tag="245"><subfield code="a">Pocess analysis and simulation. deterministic systems</subfield></datafield><datafield ind1=" " ind2=" " tag="260"><subfield code="a">New York,John Wiley And Sons,Inc.,1968. X + 348p</subfield></datafield><datafield ind1=" " ind2=" " tag="852"><subfield code="a">32159</subfield></datafield></record></collection>